@Online{water,
  title = {Water Quality - Drinking water potability},
  author = {adityakadiwal},
  url = {https://www.kaggle.com/datasets/adityakadiwal/water-potability}
}

@Online{heart,
  title = {Heart Attack Analysis and Prediction Dataset},
  author = {rashikrahmanpritom},
  url = {https://www.kaggle.com/datasets/rashikrahmanpritom/heart-attack-analysis-prediction-dataset}
}

@book{Mitchell,
  author         = {Mitchell, Tom M.},
  publisher      = {McGraw-Hill},
  title          = {Machine Learning},
  year           = {2013}
}