@Online{water,
  title = {Water Quality - Drinking water potability},
  author = {adityakadiwal},
  url = {https://www.kaggle.com/datasets/adityakadiwal/water-potability}
}

@Online{heart,
  title = {Heart Attack Analysis and Prediction Dataset},
  author = {rashikrahmanpritom},
  url = {https://www.kaggle.com/datasets/rashikrahmanpritom/heart-attack-analysis-prediction-dataset}
}

@book{Mitchell,
  author         = {Mitchell, Tom M.},
  publisher      = {McGraw-Hill},
  title          = {Machine Learning},
  year           = {2013}
}

@misc{Hayes19,
 author = {Hayes, G},
 title  = {{mlrose: Machine Learning, Randomized Optimization and SEarch package for Python}},
 year   = 2019,
 howpublished = {\url{https://github.com/gkhayes/mlrose}},
 note   = {Accessed: day month year}
}

@misc{Rollings20,
 author = {Rollings, A.},
 title 	= {{mlrose: Machine Learning, Randomized Optimization and SEarch package for Python, hiive extended remix}},
 year 	= 2020,
 howpublished = {\url{https://github.com/hiive/mlrose}},
 note 	= {Accessed: day month year}
}